<?xml version="1.0" encoding="UTF-8"?><record xmlns="http://www.loc.gov/MARC21/slim" xmlns:cinclude="http://apache.org/cocoon/include/1.0" xmlns:zs="http://www.loc.gov/zing/srw/">
  <leader>00629nz  a2200145n  4500</leader>
  <controlfield tag="001">n  92036669 </controlfield>
  <controlfield tag="003">DLC</controlfield>
  <controlfield tag="005">19920402092112.5</controlfield>
  <controlfield tag="008">920402n| acannaab|          |a ana |||  </controlfield>
  <datafield tag="010" ind1=" " ind2=" ">
    <subfield code="a">n  92036669 </subfield>
  </datafield>
  <datafield tag="040" ind1=" " ind2=" ">
    <subfield code="a">DLC</subfield>
    <subfield code="c">DLC</subfield>
  </datafield>
  <datafield tag="110" ind1="2" ind2="0">
    <subfield code="a">New Haven Convention and Visitors Bureau</subfield>
  </datafield>
  <datafield tag="410" ind1="1" ind2="0">
    <subfield code="a">New Haven (Conn.).</subfield>
    <subfield code="b">Convention and Visitors Bureau</subfield>
  </datafield>
  <datafield tag="670" ind1=" " ind2=" ">
    <subfield code="a">NUCMC data from New Haven Colony Historical Society Library for New Haven Downtown Council. Records, 1916-1986</subfield>
    <subfield code="b">(New Haven Convention and Visitors Bureau)</subfield>
  </datafield>
  <datafield tag="670" ind1=" " ind2=" ">
    <subfield code="a">Byers, J.C. Enjoying New Haven, c1981</subfield>
    <subfield code="b">(New Haven Convention and Visitors Bureau; founded ca. 1796; two locations)</subfield>
  </datafield>
</record>